@article{Balakrishnan2019,
  author = {Balakrishnan, Karthik and Blouin, Jennifer and Guay, Wayne},
  title = {Tax Aggressiveness and Corporate Transparency},
  journal = {The Accounting Review},
  year = {2019}
}

@article{Dhaliwal2004,
  author = {Dhaliwal, Dan S. and Gleason, Cristi A. and Mills, Lillian F.},
  title = {Last-Chance Earnings Management: Using the Tax Expense to Meet Analysts' Forecasts},
  journal = {Contemporary Accounting Research},
  year = {2004}
}

@article{Ayers2019,
  author = {Ayers, Benjamin C. and Seidman, Jeri K. and Towery, Eric},
  title = {Tax Reporting Behavior Under Audit Certainty},
  journal = {Contemporary Accounting Research},
  year = {2019}
}

@article{Mills1998,
  author = {Mills, Lillian F.},
  title = {Book-tax differences and Internal Revenue Service Adjustments},
  journal = {Journal of Accounting Research},
  year = {1998}
}

@article{Hanlon2007,
  author = {Hanlon, Michelle and Mills, Lillian F. and Slemrod, Joel},
  title = {An empirical examination of corporate tax noncompliance. In Taxing Corporate Income in the 21st Century},
  journal = {Cambridge, UK: Cambridge University Press},
  year = {2007},
  pages = {171--210}
}

@article{Allingham1972,
  author = {Allingham, Michael G. and Sandmo, Agnar},
  title = {Income Tax evasion: A theoretical analysis},
  journal = {Journal of Public Economics},
  year = {1972}
}

@article{Sansing1993,
  author = {Sansing, Richard C.},
  title = {Information acquisition in a tax compliance game},
  journal = {The Accounting Review},
  year = {1993}
}

@article{Mills2000,
  author = {Mills, Lillian F. and Sansing, Richard C.},
  title = {Strategic tax and financial reporting decisions: Theory and evidence},
  journal = {The Accounting Review},
  year = {2000}
}

@article{Rhoades1999,
  author = {Rhoades, Stanley C.},
  title = {The impact of multiple component reporting on tax compliance and audit strategies},
  journal = {The Accounting Review},
  year = {1999}
}